%% This BibTeX bibliography file was created using BibDesk.
%% http://bibdesk.sourceforge.net/


%% Created for Henrik Schulz at 2015-07-31 23:09:55 +0200 


%% Saved with string encoding Unicode (UTF-8) 



@url{MVCPic,
	Author = {Wikipedia},
	Date-Added = {2015-07-17 16:20:06 +0000},
	Date-Modified = {2015-07-17 16:21:37 +0000},
	Lastchecked = {2015-07-17},
	Title = {Model-View-Controller},
	Url = {https://en.wikipedia.org/wiki/Model–view–controller},
	Urldate = {2015-07-15},
	Bdsk-Url-1 = {https://en.wikipedia.org/wiki/Model%E2%80%93view%E2%80%93controller}}

@url{Layers,
	Author = {Apple},
	Date-Added = {2015-07-17 16:05:23 +0000},
	Date-Modified = {2015-07-17 16:10:52 +0000},
	Lastchecked = {2015-07-17},
	Title = {About the iOS Technologies},
	Url = {https://developer.apple.com/library/ios/documentation/Miscellaneous/Conceptual/iPhoneOSTechOverview/Introduction/Introduction.html},
	Urldate = {2014-09-17},
	Bdsk-Url-1 = {https://developer.apple.com/library/ios/documentation/Miscellaneous/Conceptual/iPhoneOSTechOverview/Introduction/Introduction.html}}

@article{AppBestPractice,
	Author = {Mike Gualtieri},
	Date-Added = {2015-05-18 19:07:18 +0000},
	Date-Modified = {2015-06-03 13:32:12 +0000},
	Journal = {Application Development and Delivery Professionals},
	Title = {Mobile App Design Best Practices},
	Year = {2011}}

@book{MVC,
	Author = {Zoran Gajic and Myo-Taeg Lim and Dobrila Skataric and Wu-Chung Su and Vojislav Kecman},
	Date-Added = {2015-05-18 18:09:19 +0000},
	Date-Modified = {2015-05-18 18:10:53 +0000},
	Publisher = {CRC Press},
	Title = {Optimal Control: Weakly Coupled Systems and Applications (Automation and Control Engineering)},
	Year = {2008}}

@url{CoreFound,
	Author = {Apple},
	Date-Added = {2015-05-18 16:29:01 +0200},
	Date-Modified = {2015-05-18 19:02:04 +0000},
	Lastchecked = {2015-05-18},
	Title = {Foundation Framework Reference},
	Url = {https://developer.apple.com/library/mac/documentation/Cocoa/Reference/Foundation/ObjC_classic/index.html},
	Urldate = {2013-10-22},
	Bdsk-Url-1 = {https://developer.apple.com/library/mac/documentation/Cocoa/Reference/Foundation/ObjC_classic/index.html}}

@url{CoreService,
	Author = {Apple},
	Date-Added = {2015-05-18 15:51:44 +0200},
	Date-Modified = {2015-05-18 19:02:22 +0000},
	Lastchecked = {2015-05-18},
	Title = {Core Graphics Framework Reference},
	Url = {https://developer.apple.com/library/ios/documentation/CoreGraphics/Reference/CoreGraphics_Framework/},
	Urldate = {2009-05-14},
	Bdsk-Url-1 = {https://developer.apple.com/library/ios/documentation/CoreGraphics/Reference/CoreGraphics_Framework/}}

@book{Teach,
	Author = {John Ray},
	Date-Added = {2015-05-18 15:27:46 +0200},
	Date-Modified = {2015-05-18 15:29:15 +0200},
	Edition = {5},
	Publisher = {Sams Publishing},
	Title = {iOS 7 Application Development in 24 Hours, Sams Teach Yourself},
	Year = {2014}}

@book{Interaction,
	Author = {Jenny Preece and Yvonne Rogers and Helen Sharp},
	Date-Added = {2015-05-18 15:21:06 +0200},
	Date-Modified = {2015-06-03 13:32:04 +0000},
	Edition = {3},
	Publisher = {Wiley},
	Rating = {0},
	Read = {0},
	Title = {Interaction Design - beyond human-computer inteaction},
	Year = {2013}}
