%% This BibTeX bibliography file was created using BibDesk.
%% http://bibdesk.sourceforge.net/


%% Created for Henrik Schulz at 2017-08-08 13:19:06 +0200 


%% Saved with string encoding Unicode (UTF-8) 



@book{SynthesisPlans,
	Author = {R. W. Hoffmann},
	Date-Added = {2017-08-08 11:16:41 +0000},
	Date-Modified = {2017-08-08 11:17:33 +0000},
	Publisher = {Springer Berlin Heidelberg},
	Title = {Elements of Synthesis Planning},
	Year = {2009}}

@mastersthesis{Carsten,
	Author = {Carsten Gr{\o}nbjerg L{\"u}tzen and Daniel Fentz Johansen},
	Date-Added = {2017-08-08 11:10:04 +0000},
	Date-Modified = {2017-08-08 11:14:03 +0000},
	School = {University of Southern Denmark},
	Title = {A Computational and Mathematical Approach to Synthesis Planning},
	Year = {2015}}
